@article{montaldo_uffc_2014,
author = {Montaldo, Gabriel and Tanter, Micka{\"{e}}l and Bercoff, J{\'{e}}r{\'{e}}my and Benech, Nicolas and Fink, Mathias},
doi = {10.1109/TUFFC.2009.1067},
isbn = {1525-8955 (Electronic) 0885-3010 (Linking)},
issn = {08853010},
journal = {IEEE Trans. Ultrason. Ferroelectr. Freq. Control},
keywords = {Algorithms,Computer-Assisted,Elasticity,Elasticity Imaging Techniques,Female,Humans,Image Enhancement,Image Enhancement: methods,Mammary,Models,Signal Processing,Statistical,Theoretical,Ultrasonography,Viscosity},
month = {mar},
number = {3},
pages = {489--506},
pmid = {19411209},
title = {{Coherent plane-wave compounding for very high frame rate ultrasonography and transient elastography}},
volume = {56},
year = {2009}
}
@article{Tur_TSP_2012,
author = {Tur, Ronen and Eldar, Yonina C. and Friedman, Zvi},
doi = {10.1109/TSP.2011.2105480},
issn = {1053-587X},
journal = {IEEE Trans. Signal Process.},
month = {apr},
number = {4},
pages = {1827--1842},
title = {{Innovation rate sampling of pulse streams with application to ultrasound imaging}},
volume = {59},
year = {2011}
}
@article{Tanter_UFFC_2014,
author = {Tanter, Mickael and Fink, Mathias},
doi = {10.1109/TUFFC.2014.6689779},
issn = {0885-3010},
journal = {IEEE Trans. Ultrason. Ferroelectr. Freq. Control},
month = {jan},
number = {1},
pages = {102--119},
title = {{Ultrafast imaging in biomedical ultrasound}},
volume = {61},
year = {2014}
}
@article{Hedge_TSP_2011,
author = {Hegde, Chinmay and Baraniuk, Richard G.},
doi = {10.1109/TSP.2010.2103067},
issn = {1053-587X},
journal = {IEEE Trans. Signal Process.},
month = {apr},
number = {4},
pages = {1505--1517},
title = {Sampling and Recovery of Pulse Streams},
volume = {59},
year = {2011}
}
@article{Papadacci_UFFC_2014,
author = {Papadacci, Clement and Pernot, Mathieu and Couade, Mathieu and Fink, Mathias and Tanter, Mickael},
doi = {10.1109/TUFFC.2014.6722614},
file = {:C$\backslash$:/Users/Adrien/AppData/Local/Mendeley Ltd./Mendeley Desktop/Downloaded/Papadacci et al. - 2014 - High-contrast ultrafast imaging of the heart.pdf:pdf},
isbn = {0885-3010},
issn = {08853010},
journal = {IEEE Trans. Ultrason. Ferroelectr. Freq. Control},
month = {feb},
number = {2},
pages = {288--301},
pmid = {24474135},
title = {{High-contrast ultrafast imaging of the heart}},
volume = {61},
year = {2014}
}

@inproceedings{Tsagkatakis_ICASSP_2014,
author = {Tsagkatakis, Grigorios and Tsakalides, Panagiotis and Woiselle, Arnaud and Bousquet, Marc and Tzagkarakis, George and Starck, Jean-Luc},
booktitle = {IEEE Int. Conf. Acoust. Speech Signal Process.},
doi = {10.1109/ICASSP.2014.6854219},
isbn = {978-1-4799-2893-4},
month = {may},
pages = {3340--3344},
title = {{Compressed sensing reconstruction of convolved sparse signals}},
year = {2014}
}
@article{Candes_SPM_2008,
author = {Cand{\`{e}}s, Emmanuel J. and Wakin, M.B.},
doi = {10.1109/MSP.2007.914731},
isbn = {1053-5888 VO - 25},
issn = {1053-5888},
journal = {IEEE Signal Process. Mag.},
month = {mar},
number = {2},
pages = {21--30},
pmid = {4472240},
title = {An Introduction To Compressive Sampling},
volume = {25},
year = {2008}
}
@article{Vetterli_TSP_2002,
author = {Vetterli, M. and Marziliano, P. and Blu, T.},
doi = {10.1109/TSP.2002.1003065},
issn = {1053-587X},
journal = {IEEE Trans. Signal Process.},
month = {jun},
number = {6},
pages = {1417--1428},
title = {{Sampling signals with finite rate of innovation}},
volume = {50},
year = {2002}
}
@inproceedings{Naini_ICASSP_2009,
author = {Naini, Farid M and Gribonval, R{\'{e}}mi and Jacques, Laurent and Vandergheynst, Pierre},
booktitle = {IEEE Int. Conf. Acoust. Speech Signal Process.},
month = {apr},
pages = {2877--2880},
title = {{Compressive sampling of pulse trains: Spread the spectrum!}},
year = {2009}
}
@article{Boyd2010,
author = {Boyd, Stephen},
doi = {10.1561/2200000016},
issn = {1935-8237},
journal = {Found. Trends Mach. Learn.},
month= {jan},
number = {1},
pages = {1--122},
title = {Distributed Optimization and Statistical Learning via the Alternating Direction Method of Multipliers},
volume = {3},
year = {2011},
}
@article{Jensen_UFFC_1992,
author = {Jensen, J.A. and Svendsen, N.B.},
doi = {10.1109/58.139123},
issn = {0885-3010},
journal = {IEEE Trans. Ultrason. Ferroelectr. Freq. Control},
month = {mar},
number = {2},
pages = {262--267},
title = {{Calculation of pressure fields from arbitrarily shaped, apodized, and excited ultrasound transducers}},
volume = {39},
year = {1992}
}
@article{Chernyakova2014,
author = {Chernyakova, Tanya and Eldar, Yonina C.},
doi = {10.1109/TUFFC.2014.3032},
eprint = {1307.6345},
file = {:C$\backslash$:/Users/Adrien/AppData/Local/Mendeley Ltd./Mendeley Desktop/Downloaded/Chernyakova, Eldar - 2014 - Fourier-domain beamforming The path to compressed ultrasound imaging(3).pdf:pdf},
issn = {0885-3010},
journal = {IEEE Trans. Ultrason. Ferroelectr. Freq. Control},
month = {aug},
number = {8},
pages = {1252--1267},
pmid = {25073133},
title = {{Fourier-domain beamforming: the path to compressed ultrasound imaging}},
volume = {61},
year = {2014}
}
@article{candes11,
author = {Candes, Emmanuel J and Eldar, Yonina C and Needell, Deanna and Randall, Paige},
journal = {Appl. Comput. Harmon. Anal.},
mendeley-groups = {Publications/UFFC 2016},
number = {1},
pages = {59--73},
publisher = {Elsevier},
title = {{Compressed sensing with coherent and redundant dictionaries}},
volume = {31},
year = {2011}
}

